@book{colorRefinement,
		author = "V. Arvind, Johannes Kobler, Gaurav Rattan, Oleg Verbitsky",
		title = "Graph Isomorphism, Color Refinement, and Compactness",
		year = "2015",
}

@book{gi,
		author = "V. N. Zemlyachenko, N. M. Korneenko, R. I. Tyshkevich",
		title = "Graph Isomorphism Problem",
		year = "1985",
}